@article{Schiffner_IUS_2012,
author = {Schiffner, Martin F and Schmitz, Georg},
journal = {IEEE Int. Ultrason. Symp.},
title = {{Fast pulse-echo ultrasound imaging employing compressive sensing}},
year = {2011}
}
@article{David_JASA_2015,
author = {David, Guillaume and Robert, Jean-Luc and Zhang, Bo and Laine, Andrew F},
doi = {10.1121/1.4919302},
issn = {0001-4966},
journal = {J. Acoust. Soc. Am.},
number = {5},
pages = {2773--2784},
title = {{Time domain compressive beam forming of ultrasound signals}},
volume = {137},
year = {2015}
}
@article{Michailovich_TMI_2005,
author = {Michailovich, O.V. and Adam, D.},
doi = {10.1109/TMI.2004.838326},
issn = {0278-0062},
journal = {IEEE Trans. Med. Imaging},
number = {1},
pages = {86--104},
title = {{A novel approach to the 2-D blind deconvolution problem in medical ultrasound}},
volume = {24},
year = {2005}
}
@article{Tupholme1969,
author = {Tupholme, G. E.},
doi = {10.1112/S0025579300008184},
issn = {0025-5793},
journal = {Mathematika},
mendeley-groups = {Publications/Multiplexing 2016},
number = {02},
pages = {209},
title = {{Generation of acoustic pulses by baffled plane pistons}},
volume = {16},
year = {1969}
}
@article{Stepanishen1971,
author = {Stepanishen, P. R.},
doi = {10.1121/1.1975969},
issn = {0001-4966},
journal = {J. Acoust. Soc. Am.},
mendeley-groups = {Publications/Multiplexing 2016},
number = {3B},
pages = {841--849},
title = {The Time‚Äê-Dependent Force and Radiation Impedance on a Piston in a Rigid Infinite Planar Baffle},
volume = {49},
year = {1971}
}
@article{Selfridge1980,
author = {Selfridge, A R and Kino, G S and Khuri-Yakub, B T},
doi = {10.1063/1.91692},
issn = {00036951},
journal = {Appl. Phys. Lett.},
number = {1},
pages = {35},
title = {{A theory for the radiation pattern of a narrow-strip acoustic transducer}},
volume = {37},
year = {1980}
}
@article{Besson_UFFC_2016,
author={A. Besson and M. Zhang and F. Varray and H. Liebgott and D. Friboulet and Y. Wiaux and J.-P. Thiran and R. E. Carrillo and O. Bernard}, 
journal={IEEE Trans. Ultrason. Ferroelectr. Freq. Control},
title={A Sparse Reconstruction Framework for {F}ourier-Based Plane-Wave Imaging}, 
year={2016}, 
volume={63}, 
number={12}, 
pages={2092-2106}, 
doi={10.1109/TUFFC.2016.2614996}, 
ISSN={0885-3010}, 
}
@inproceedings{Besson_ICIP_2016,
author = {Besson, Adrien and Carrillo, Rafael E. and Bernard, Olivier and Wiaux, Yves and Thiran, Jean-Philippe},
booktitle = {IEEE Int. Conf. Image Process.},
doi = {10.1109/ICIP.2016.7532811},
isbn = {978-1-4673-9961-6},
pages = {2509--2513},
title = {{Compressed delay-and-sum beamforming for ultrafast ultrasound imaging}},
year = {2016}
}
@article{Lorintiu_TMI_2015,
author = {Lorintiu, Oana and Liebgott, Herve and Alessandrini, Martino and Bernard, Olivier and Friboulet, Denis},
doi = {10.1109/TMI.2015.2442154},
issn = {0278-0062},
journal = {IEEE Trans. Med. Imaging},
mendeley-groups = {Publications/PICMUS IUS 2016},
number = {12},
pages = {2467--2477},
title = {Compressed Sensing Reconstruction of {3D} Ultrasound Data Using Dictionary Learning and Line-Wise Subsampling},
volume = {34},
year = {2015}
}
@article{Chen2015,
archivePrefix = {arXiv},
arxivId = {1507.00136},
author = {Chen, Zhouye and Basarab, Adrian and Kouam\'{e}, Denis},
doi = {10.1109/TMI.2015.2493241},
eprint = {1507.00136},
file = {:C$\backslash$:/Users/Adrien/AppData/Local/Mendeley Ltd./Mendeley Desktop/Downloaded/Chen, Basarab, Kouam\'{e} - 2015 - Compressive Deconvolution in Medical Ultrasound Imaging.pdf:pdf},
issn = {0278-0062},
journal = {IEEE Trans. Med. Imaging},
number = {3},
pages = {728--737},
title = {Compressive Deconvolution in Medical Ultrasound Imaging},
volume = {35},
year = {2016}
}
@article{Beck_SIAM_2009,
author = {Beck, Amir and Teboulle, Marc},
doi = {10.1137/080716542},
issn = {1936-4954},
journal = {SIAM J. Imaging Sci.},
mendeley-groups = {Publications/ICIP 2017,Publications/TMI 2017},
number = {1},
pages = {183--202},
title = {A Fast Iterative Shrinkage-Thresholding Algorithm for Linear Inverse Problems},
volume = {2},
year = {2009}
}
@inproceedings{Liebgott_IUS_2016,
author = {Liebgott, H. and Rodriguez-Molares, A. and Cervenansky, F. and Jensen, J.A. and Bernard, O.},
booktitle = {IEEE Int. Ultrason. Symp.},
doi = {10.1109/ULTSYM.2016.7728908},
isbn = {978-1-4673-9897-8},
mendeley-groups = {Publications/Multiplexing 2016},
title = {Plane-Wave Imaging Challenge in Medical Ultrasound},
year = {2016}
}
@article{montaldo_uffc_2014,
author = {Montaldo, Gabriel and Tanter, Micka{\"{e}}l and Bercoff, J{\'{e}}r{\'{e}}my and Benech, Nicolas and Fink, Mathias},
doi = {10.1109/TUFFC.2009.1067},
isbn = {1525-8955 (Electronic) 0885-3010 (Linking)},
issn = {08853010},
journal = {IEEE Trans. Ultrason. Ferroelectr. Freq. Control},
keywords = {Algorithms,Computer-Assisted,Elasticity,Elasticity Imaging Techniques,Female,Humans,Image Enhancement,Image Enhancement: methods,Mammary,Models,Signal Processing,Statistical,Theoretical,Ultrasonography,Viscosity},
number = {3},
pages = {489--506},
pmid = {19411209},
title = {{Coherent plane-wave compounding for very high frame rate ultrasonography and transient elastography}},
volume = {56},
year = {2009}
}
@techreport{Besson_UFFC_2017,
  title={{Ultrafast ultrasound imaging as an inverse problem: Fast and matrix-free measurement model for sparsity-driven image reconstruction methods}},
  author={Besson, Adrien Georges Jean and Perdios, Dimitris and Martinez, Florian and Chen, Zhouye and Carrillo, Rafael E and Arditi, Marcel and Wiaux, Yves and Thiran, Jean-Philippe},
  institution={EPFL},
  number={EPFL-ARTICLE-226198},
  year={2017}
}